@misc{article,
title = {Distance Estimation Algorithm for Stereo Pair Images},
author = {TjandranegaraB, Edwin},
howpublished="\url{http://docs.lib.purdue.edu/ecetr/64/}",
year = {article daté de 2005, dernière consultation en décembre 2012},
}

@misc{article2,
title = {Distance measuring based on stereoscopic pictures},
author = {Mrovlje1, Jernej and Vranči, Damir},
howpublished="\url{http://photon07.pd.infn.it:5210/users/dazzi/Thesis_doctorate/Info/Chapter_6/Stereoscopy_(Mrovlje).pdf}",
year = {article daté de 2008, dernière consultation en décembre 2012},
}

@misc{templateMatching,
title = {OpenCV wiki page about template matching},
author = {},
howpublished="\url{http://docs.opencv.org/doc/tutorials/imgproc/histograms/template_matching/template_matching.html}",
year = {dernière consultation en janvier 2013},
}

@misc{phaseCorrelation,
title = {Wikipedia page about phase correlation},
author = {},
howpublished="\url{http://en.wikipedia.org/wiki/Phase_correlation}",
year = {dernière consultation en janvier 2013},
}